@unpublished{CouvertKG,
	title        = {Nachweis Sendungsverlauf -- Einschreiben},
author = {Schweizerischer Post},
date         = {2022-10-18},
keywords     = {obligatorisch},
}


@online{BGE121II473,
	author = {Schweizerisches Bundesgericht},
	title        = {BGE 121 II 473},
	date         = {1995-11-24},
	urldate      = {2022-10-25},
	howpublished = {https://www.servat.unibe.ch/dfr/c2121473.html},
	keywords     = {BGE},
	note = {Info: Diese Empfehlung (Indikation) wird in den Dokumenten als Erstindikation bezeichnet.},
	
}



@online{BGE131V483,
	author = {Schweizerisches Bundesgericht},
	title        = {BGE 131 V 483},
	date         = {2005-09-28},
	urldate      = {2022-10-25},
	url          = {https://www.servat.unibe.ch/dfr/bge/c5131483.html},
	keywords     = {BGE},
}


@online{BGE121I42,
	title        = {BGE 121 II 42 - Anfechtbarkeit von Aufsichtsentscheiden},
	organization = {Schweizerisches Bundesgericht, BG},
	date         = {1995-01-18},
	urldate      = {2022-10-25},
	url          = {http://relevancy.bger.ch/php/clir/http/index.php?highlight_docid=atf%3A%2F%2F121-I-42%3Ade&lang=de&type=show_document},
	keywords     = {BGE},
}

% Anfrage wird zu Antrag
@online{BGE2C249,
	author = {Schweizerisches Bundesgericht},
	title        = {2C\_249/2014},
	date         = {1995-01-18},
	urldate      = {2022-10-25},
	url          = {https://servat.unibe.ch/tools/DfrInfo?Command=BGerGet&FileName=150327_2C_249-2014.html&Format=Cache},
	keywords     = {BGE},
}

% Rechtverweigerung wegen Unterlassung Sachverhalt
@online{BGE116Ia106,
	author = {Schweizerisches Bundesgericht},
	title        = {BEGE 116 Ia 106},
	date         = {1990-03-13},
	urldate      = {2022-10-25},
	url          = {http://relevancy.bger.ch/php/clir/http/index.php?highlight_docid=atf%3A%2F%2F116-IA-106%3Ade&lang=de&type=show_document},
	keywords     = {BGE},
}




@unpublished{Indikation20,
	author = {Schulpsychologischer Dienst},
	title = {Empfehlung (Indikation)},
	date = {2020-04-15},
	keywords = {nachweis},
}


@unpublished{Erstindikation,
	author = {Schulpsychologischer Dienst},
	title = {Empfehlung (Indikation)},
	date = {2021-01-08},
	keywords = {nachweis},
	note = {Info: Diese Empfehlung (Indikation) wird in den Dokumenten als Erstindikation bezeichnet.},
}

@unpublished{Elternantrag,
	author = {Erziehungsberechtigt},
	title = {Beantragung der SFaP},
	date = {2021-02-10},
	keywords = {nachweis},
	note = {Info: Im Formularvordruck wird als Begründung \textit{auf Wunsch des Fachkonvents} angebenen.},
}


@unpublished{KGE8102212,
	author = {Kantonsgericht Basel-Landschaft, Abteilung Verfassungs- und Verwaltungsrecht},
	title = {KGE 810 22 12},
	date = {2022-04-06},
	keywords     = {Urteile},
	
}

@unpublished{KGE81013196,
	author = {Kantonsgericht Basel-Landschaft, Abteilung Verfassungs- und Verwaltungsrecht},
	title = {KGE 810 13 196},
	date = {2015-11-13},
	keywords     = {Urteile},
	
}




@unpublished{KGE81022211,
	author = {Kantonsgericht Basel-Landschaft, Abteilung Verfassungs- und Verwaltungsrecht},
	title = {KGE 810 22 211},
	date = {2022-10-11},
	keywords     = {KGE, obligatorisch},
}

@unpublished{KGE81016266,
	author = {Kantonsgericht Basel-Landschaft, Abteilung Verfassungs- und Verwaltungsrecht},
	title = {KGE 810 16 266},
	date = {2022-10-11},
	keywords     = {KGE},
}

@unpublished{KGE8101849,
	author = {Kantonsgericht Basel-Landschaft, Abteilung Verfassungs- und Verwaltungsrecht},
	title = {KGE 810 18 49},
	date = {2022-10-11},
	keywords     = {KGE},
}


@unpublished{Bew08032021,
	author = {AVS, Abteilung Sonderpädagogik},
	title = {Bewilligung der SFaP für die 7. Klasse},
	date = {2021-03-08},
	keywords = {nachweis},
}

@unpublished{Bew11082022,
	author = {AVS, Abteilung Sonderpädagogik},
	title = {Bewilligung der SFaP für die 8. + 9. Klasse},
	date = {2022-08-11},
	keywords = {nachweis},
}


@unpublished{Verf04022022,
	author = {Generalsekretariat des BKSD},
	title = {Verfügung bzg. der meiner Beschwerde vom 29. November 2021},
	date = {2022-02-04},
	keywords = {nachweis},
}


@unpublished{Auszug1,
	author = {Regierungsrat Basel-Landschaft},
	title = {Auszug aus dem Protokoll des Regierungsrat des Kantons Basel-Landschaft},
	date = {2022-03-22},
	keywords = {nachweis},
}

@unpublished{Auszug2,
	author = {Regierungsrat Basel-Landschaft},
	title = {Auszug aus dem Protokoll des Regierungsrat des Kantons Basel-Landschaft},
	date = {2022-09-27},
	keywords = {must},
	keywords = {nachweis},
}

@unpublished{ST100621,
	author = {Leiterin Abteilung Sonderpädagogik (Frau Stöckli)},
	title = {Stellungsnahme bzgl. der Rechtsfolge einer Empfehlung (Indikation)},
	date = {2021-06-10},
}

@unpublished{ST130922,
	author = {Leiterin Abteilung Sonderpädagogik (Frau Anrig)},
	title = {Stellungsnahme bzgl. der Rechtsfolge einer Empfehlung (Indikation)},
	date = {2022-09-13},
	keywords = {must},
}

@unpublished{BSAuszug2,
	author = {Jens Fischer},
	title = {Beschwerdeschrift bzgl. \cite{Auszug2}},
	date = {2022-10-07},
	keywords = {must},
}
